%Bibliography Entries
@MISC{craft-beer,
	author={Adem Tepedelen},
	title={History of Homebrewing},
	year={2013},
	note="\url{http://allaboutbeer.com/article/power-to-the-people/}. [Accessed 2015-05-19]"
}

@MISC{beer-terms,
	author={BeerAdvocate},
	title={Beer \& Brewing Terminology},
	year=2015,
	note="\url{http://www.beeradvocate.com/beer/101/terms/}. [Accessed 2015-05-30]"
}

@MISC{food-grade,
	author={Canadian Food Inspection Agency},
	title={General Principles of Food Hygiene, Composition and Labelling},
	year=2014,
	note="\url{http://www.inspection.gc.ca/food/non-federally-registered/safe-food-production/general-principles/eng/1352919343654/1352920880237?chap=3}. [Accessed 2015-07-01]"
}

@MISC{rosserial,
	author={ROS},
	title={Measuring Temperature},
	year=2014,
	note="\url{http://wiki.ros.org/rosserial_arduino/Tutorials/Measuring%20Temperature}. [Accessed 2015-07-01]"
}

@MISC{tmp102,
	author={Texas Instruments},
	title={TMP102},
	year=2015,
	note="\url{http://www.ti.com/product/tmp102}. [Accessed 2015-07-01]"
}

@MISC{market,
	author={Gartner Inc},
	title={Gartner Says Smartphone Sales Surpassed One Billion Units in 2014},
	year=2015,
	note="\url{http://www.gartner.com/newsroom/id/2996817}. [Accessed 2015-07-01]"
}

@MISC{astudio,
	author={Android},
	title={Android Studio},
	year=2015,
	note="\url{http://developer.android.com/sdk/index.html}. [Accessed 2015-07-01]"
}

@MISC{gcm,
	author={Google},
	title={Use Google Cloud Messaging (GCM)},
	year=2015,
	note="\url{https://support.google.com/googleplay/android-developer/answer/2663268?hl=en}. [Accessed 2015-07-01]"
}