@MISC{sparging,
	author={John Palmer},
	title={Skip the Sparge!},
	year=2002,
	note="\url{http://byo.com/malt/item/1375-skip-the-sparge}.  [Accessed 2015-12-03]"
}