%Bibliography Entries
@MISC{craft-beer,
	author={Adem Tepedelen},
	title={History of Homebrewing},
	year={2013},
	note="\url{http://allaboutbeer.com/article/power-to-the-people/}. [Accessed 2015-05-19]"
}

@MISC{beer-terms,
	author={BeerAdvocate},
	title={Beer \& Brewing Terminology},
	year=2015,
	note="\url{http://www.beeradvocate.com/beer/101/terms/}. [Accessed 2015-05-30]"
}